@String{pub-AW = "Ad{\-d}i{\-s}on-Wes{\-l}ey"}
@String{pub-AW:adr = "Reading, MA, USA"}

@Article{knuth84,
  author =       "Donald E. Knuth",
  title =        "Literate Programming",
  journal =      "The Computer Journal",
  year =         "1984",
  number =       "2",
  volume =       "27",
  pages =        "97--111",
  month =        may,
}

@Article{liyang2016,
  author =       "李杨",
  title =        "中文开放式实体关系抽取研究与实现",
  journal =      "电子科技大学硕士毕业论文",
  year =         "2016",
}

@Book{knuth86a,
  author =       "Donald E. Knuth",
  title =        "The {\TeX}book",
  volume =       "A",
  publisher =    pub-AW,
  address =      pub-AW:adr,
  year =         "1986",
  ISBN =         "0-201-13447-0",
  ISBN-13 =      "978-0-201-13447-6",
  LCCN =         "Z253.4.T47 K58 1986",
  price =        "US\$32.95",
  series =       "Computers and Typesetting",
}

@Book{lamport94,
  author =       "Leslie Lamport",
  title =        "{\LaTeX}: a Document Preparation System: User's Guide
                 and Reference Manual",
  publisher =    pub-AW,
  address =      pub-AW:adr,
  edition =      "Second",
  year =         "1994",
  ISBN =         "0-201-52983-1",
  ISBN-13 =      "978-0-201-52983-8",
  LCCN =         "Z253.4.L38L35 1994",
  note =         "Reprinted with corrections in 1996.",
}

@Book{tlc2,
  author =       "Frank Mittelbach and Michel Goossens and Johannes
                 Braams and David Carlisle",
  title =        "The {\LaTeX} Companion",
  publisher =    pub-AW,
  address =      pub-AW:adr,
  edition =      "2",
  year =         "2004",
  ISBN =         "0-201-36299-6",
  ISBN-13 =      "978-0-201-36299-2",
  LCCN =         "Z253.4.L38 G66 2004",
  price =        "US\$59.99, CAN\$86.99",
  remark =       "Authors listed as: Frank Mittelbach and Michel
                 Goossens with Johannes Braams, David Carlisle, and
                 Chris Rowley, and with contributions by Christine Detig
                 and Joachim Schrod.",
}

@Book{刘海洋2013,
  title =        "{\LaTeX}入门",
  author =       "刘海洋",
  publisher =    "电子工业出版社",
  address =      "北京",
  year =         "2013",
  language =     "zh",
}

@ARTICLE{ZORE,
  AUTHOR =       "Likun Qiu and Yue Zhang",
  TITLE =        "ZORE: A Syntax-based System for Chinese Open Relation Extraction",
  JOURNAL =      "EMNLP",
  YEAR =         "2014",
  PAGES =        "1870--1880",
}

@ARTICLE{wang,
  AUTHOR =       "王元卓 and 贾岩涛",
  TITLE =        "基于开放网络知识的信息检索与数据挖掘",
  JOURNAL =      "计算机研究与发展",
  PAGES =        "456--474",
  VOLUME =       "52",
  NUMBER =       "2",
  YEAR =         "2014",
  language =     "zh",
}

@ARTICLE{riloff,
  AUTHOR =       "Elleen Riloff",
  TITLE =        "Automatically constructing extraction patterns from untagged text",
  JOURNAL =      "Proceedings of AAAI'96",
  PAGES =        "1044--1049",
  YEAR =         "1996",
}

@ARTICLE{banko,
  AUTHOR =       "Michael Banko and Micheal J Cafarella and Stephen Soderland and Matt Broadhead and Oren Etzioni",
  TITLE =        "Open Information Extraction from the Web",
  JOURNAL =      "International Joint Conf on Artificial Intelligence",
  PAGES =        "2670--2676",
  YEAR =         "2007",
}

@ARTICLE{wu2010,
  AUTHOR =       "Fei Wu and Daniel S Weld",
  TITLE =        "Open Information Extractor Using Wikipedia",
  JOURNAL =      "Proceddings of the 48th Annual Meeting of the Association for Computational Linguistics",
  PAGES =        "118--127",
  YEAR =         "2010",
}

@ARTICLE{naka2012,
  AUTHOR =       "Ndapandula Nakashole, Gerhard Weikum, Fabian Suchanek",
  TITLE =        "PATTY:  a taxonomy of rela-tional patterns with semantic types",
  JOURNAL =      "Proceedings of the 2012 Joint Conference on Empirical Methods in Natural Language Processing and Computational Natural Language Learning",
  VOLUME =       "37",
  NUMBER =       "1",
  PAGES =        "1135--1145",
  YEAR =         "2012",
}

@ARTICLE{etz2011,
  AUTHOR =       "Anthony Fader and Stephen Soderland and Oren Etzioni",
  TITLE =        "Identifying relations for open informa-tion extraction",
  JOURNAL =      "Proceedings of the Conference on Empirical Methods in Natural Language Pro-cessing",
  PAGES =        "1535--1545",
  YEAR =         "2011",
}

@ARTICLE{chang2008,
  AUTHOR =       "Pi-Chuan Chang and Michel Galley and Christopher D Manning",
  TITLE =        "Optimizing Chinese word segmentation for machine translation performance",
  JOURNAL =      "Proceedings of the Third Workshop on Statistical Machine Translation",
  PAGES =        "224–-232",
  YEAR =         "2008",
}

@ARTICLE{zhang2011,
  AUTHOR =       "Yue Zhang and Stephen Clark",
  TITLE =        "Syntactic processing using the generalized perceptron and beam search",
  JOURNAL =      "Computational Linguistics",
  PAGES =        "105–-151",
  VOLUME =       "37",
  NUMBER =       "1",
  YEAR =         "2011",
}

@ARTICLE{xue2005,
  AUTHOR =       "Naiwen Xue and Fei Xia and Fu-Dong Chiou and Martha Palmer",
  TITLE =        "The penn Chinese treebank: Phrase
structure annotation of a large corpus",
  JOURNAL =      "Natural lan-guage engineering",
  PAGES =        "207–-238",
  VOLUME =       "11",
  NUMBER =       "2",
  YEAR =         "2011",
}

@ARTICLE{Etzioni2011,
  AUTHOR =       "Anthony Fader and Stephen Soderland and Oren Etzioni",
  TITLE =        "Identifying relations for open information extraction",
  JOURNAL =      "Proceedings of the Conference on Empirical Methods in Natural Language Processing",
  PAGES =        "1535–-1545",
  YEAR =         "2011",
}

@ARTICLE{qiu2011,
  AUTHOR =       "Likun Qiu and Yunfang Wu and Yanqiu Shao",
  TITLE =        "Combining contextual and structural information for supersense tagging of Chinese unknown words",
  JOURNAL =      "Computational Linguistics and Intelligent Text Processing",
  PUBLISHER =    "Springer",
  PAGES =        "15–-28",
  YEAR =         "2011",
}

@ARTICLE{papka1998,
  AUTHOR =       "Ron Papka and James Allan",
  TITLE =        "Online new event detection using single pass clustering",
  JOURNAL =      "University of Massachusetts, Amherst",
  YEAR =         "1998",
}

@ONLINE{endocentric2017,
  AUTHOR = "Wikipedia",
  TITLE = "Endocentric and exocentric",
  URL = "https://en.wikipedia.org/wiki/Endocentric_and_exocentric",
  YEAR = "2017",
  MONTH = "January",
}

@ONLINE{funcword,
  AUTHOR = "Wikipedia",
  TITLE = "Function word",
  URL = "https://en.wikipedia.org/wiki/Function_word",
  YEAR = "2017",
  MONTH = "January",
}

@ONLINE{morphword,
  AUTHOR = "Wikipedia",
  TITLE = "Morphology (linguistics)",
  URL = "https://en.wikipedia.org/wiki/Morphology_(linguistics)",
  YEAR = "2017",
  MONTH = "January",
}

@ARTICLE{che2005,
  AUTHOR =       "WX Che and Jianmin Jiang and Zhong Su and Yue Pan and Ting Liu",
  TITLE =        "Improved-edit-distance kernel for Chinese relation extraction",
  JOURNAL =      "IJCNLP",
  YEAR =         "2005",
  PAGES = "132--137",
}

@Book{mau2012,
  AUTHOR =       "Michael Schmitz Mausam and Robert Bart and Stephen Soderland and Oren Etzioni",
  TITLE =        "Open language learning for information extraction",
  YEAR =         "2012",
  PAGES = "523--534",
}

@ONLINE{zayn,
  AUTHOR = "Zengyu Zeng",
  TITLE = "ZORE evaluate",
  URL = "https://github.com/zaynr/GraduationThesis",
  YEAR = "2017",
  MONTH = "May",
}

@ONLINE{rangui3,
  AUTHOR = "CHN Gov",
  TITLE = "城镇燃气设计规范 GB50028-2006",
  URL = "https://wenku.baidu.com/view/57de5c6da98271fe910ef9df.html",
  YEAR = "2006",
  MONTH = "January",
}
